@article{rawdata,
  title={Fuel Economy Data},
  author={EPA},
  journal={Office of Energy Efficiency and Renewable Energy},
  year={2022},
  url = {https://www.fueleconomy.gov/feg/download.shtml},
  publisher={U.S. Department of Energy}
}

@article{gasprices,
  title={Rising fuel costs are a massive problem for business and consumers},
  author={Pippa Stevens},
  year={2022},
  url = {https://www.cnbc.com/2022/05/19/fuel-is-a-problem-for-business-and-consumers-why-prices-are-so-high.html},
  publisher={CNBC}
}


@article{carbonfootprint,
  title={Gen Z, Millennials Stand Out for Climate Change Activism, Social Media Engagement With Issue},
  author={Alec Tyson, Brian Kennedy and Cary Funk},
  year={2021},
  url = {https://www.pewresearch.org/science/2021/05/26/gen-z-millennials-stand-out-for-climate-change-activism-social-media-engagement-with-issue/},
  publisher={Pew Research Center}
}

@article{GitHub,
  title={Analysis Files and Code},
  author={Braden Millard},
  journal={GitHub},
  year={2022},
  url = {https://github.com/bradenm97/NWMSUMastersCapstone},
}

@article{scikit,
  title={Machine Learning in Python},
  author={scikit-learn},
  year={2022},
  url = {https://scikit-learn.org/stable/},
}

@article{gridsearch,
  title={sklearn.model_selection.GridSearchCV},
  journal={scikit},
  year={2022},
  url = {https://scikit-learn.org/stable/modules/generated/sklearn.model_selection.GridSearchCV.html},
}



